<record xmlns="http://www.loc.gov/MARC21/slim" xmlns:xsi="http://www.w3.org/2001/XMLSchema-instance" xsi:schemaLocation="http://www.loc.gov/MARC21/slim http://www.loc.gov/standards/marcxml/schema/MARC21slim.xsd"><leader>     nam a22        4500</leader><controlfield tag="001">3072147</controlfield><controlfield tag="003">NNC</controlfield><controlfield tag="006">m        d        </controlfield><controlfield tag="007">cr cn |||m|||a</controlfield><controlfield tag="008">150316s1949    ua      ob    001 0aara d</controlfield><datafield ind1=" " ind2=" " tag="040"><subfield code="a">NNU</subfield><subfield code="b">eng</subfield><subfield code="e">rda</subfield><subfield code="c">NNU</subfield></datafield><datafield ind1=" " ind2="4" tag="050"><subfield code="a">BP80.M77</subfield><subfield code="b">A38 1949</subfield></datafield><datafield ind1="0" ind2=" " tag="092"><subfield code="a">920</subfield><subfield code="2">21</subfield></datafield><datafield ind1="0" ind2=" " tag="100"><subfield code="6">880-01</subfield><subfield code="a">Mu&#700;ayyad fi&#772; al-Di&#772;n Hibat Alla&#772;h ibn Mu&#772;sa&#769;,</subfield><subfield code="d">-1077 or 1078.</subfield></datafield><datafield ind1="1" ind2="0" tag="245"><subfield code="6">880-02</subfield><subfield code="a">Si&#772;rat al-Mu&#700;ayyad fi&#772; al-Di&#772;n da&#772;&#699;i&#772; al-du&#699;a&#772;h :</subfield><subfield code="b">tarjamat h&#803;aya&#772;tihi bi-qalamih /</subfield><subfield code="c">taqdi&#772;m wa-tah&#803;qi&#772;q Muh&#803;ammad Ka&#772;mil H&#803;usayn.</subfield></datafield><datafield ind1="1" ind2=" " tag="246"><subfield code="6">880-03</subfield><subfield code="i">Also known as:</subfield><subfield code="a">Si&#772;rah al-Mu&#700;ayyadi&#772;yah</subfield></datafield><datafield ind1=" " ind2=" " tag="250"><subfield code="6">880-04</subfield><subfield code="a">al-T&#803;ab&#699;ah 1.</subfield></datafield><datafield ind1=" " ind2=" " tag="260"><subfield code="6">880-05</subfield><subfield code="a">al-Qa&#772;hirah :</subfield><subfield code="b">Da&#772;r al-Ka&#772;tib al-Mis&#803;ri&#772;,</subfield><subfield code="c">1949.</subfield></datafield><datafield ind1=" " ind2=" " tag="300"><subfield code="a">online resource (28, 212 pages)</subfield></datafield><datafield ind1=" " ind2=" " tag="336"><subfield code="a">text</subfield><subfield code="2">rdacontent</subfield></datafield><datafield ind1=" " ind2=" " tag="337"><subfield code="a">computer</subfield><subfield code="2">rdamedia</subfield></datafield><datafield ind1=" " ind2=" " tag="338"><subfield code="a">online resource</subfield><subfield code="2">rdacarrier</subfield></datafield><datafield ind1=" " ind2=" " tag="500"><subfield code="a">Part of the Arabic Collections Online (ACO) project, contributed by Columbia University Libraries.</subfield></datafield><datafield ind1=" " ind2=" " tag="504"><subfield code="a">Includes bibliographical references (pages 207-209) and indexes.</subfield></datafield><datafield ind1=" " ind2=" " tag="533"><subfield code="a">Electronic reproduction.</subfield><subfield code="b">New York, N.Y. :</subfield><subfield code="c">New York University,</subfield><subfield code="d">2015.</subfield><subfield code="5">NNU</subfield></datafield><datafield ind1="0" ind2="0" tag="600"><subfield code="6">880-06</subfield><subfield code="a">Mu&#700;ayyad fi&#772; al-Di&#772;n Hibat Alla&#772;h ibn Mu&#772;sa&#769;,</subfield><subfield code="d">-1077 or 1078.</subfield></datafield><datafield ind1=" " ind2="0" tag="650"><subfield code="a">Ismailites</subfield><subfield code="v">Biography.</subfield></datafield><datafield ind1="0" ind2="7" tag="600"><subfield code="a">Mu&#700;ayyad fi&#772; al-Di&#772;n Hibat&#776; Alla&#772;h ibn Mu&#772;sa&#769;,</subfield><subfield code="d">...-1077.</subfield><subfield code="2">ram</subfield></datafield><datafield ind1=" " ind2="7" tag="650"><subfield code="a">Autobiographie.</subfield><subfield code="2">ram</subfield></datafield><datafield ind1="0" ind2="7" tag="600"><subfield code="a">Mu&#700;ayyad fi&#772; al-Di&#772;n Hibat Alla&#772;h ibn Mu&#772;sa&#769;,</subfield><subfield code="d">-1077 or 1078.</subfield><subfield code="2">fast</subfield><subfield code="0">(OCoLC)fst01836242</subfield></datafield><datafield ind1=" " ind2="7" tag="650"><subfield code="a">Ismailites.</subfield><subfield code="2">fast</subfield><subfield code="0">(OCoLC)fst00980134</subfield></datafield><datafield ind1=" " ind2="7" tag="655"><subfield code="a">Biography.</subfield><subfield code="2">fast</subfield><subfield code="0">(OCoLC)fst01423686</subfield></datafield><datafield ind1="1" ind2=" " tag="700"><subfield code="6">880-07</subfield><subfield code="a">H&#803;usayn, Muh&#803;ammad Ka&#772;mil.</subfield></datafield><datafield ind1="2" ind2=" " tag="710"><subfield code="a">Columbia University.</subfield><subfield code="b">Libraries.</subfield></datafield><datafield ind1="0" ind2=" " tag="730"><subfield code="a">Arabic Collections Online.</subfield></datafield><datafield ind1="0" ind2="8" tag="776"><subfield code="i">Online version:</subfield><subfield code="a">Mu&#700;ayyad fi&#772; al-Di&#772;n Hibat Alla&#772;h ibn Mu&#772;sa&#769;, -1077 or 8.</subfield><subfield code="t">Si&#772;rat al-Mu&#700;ayyad fi&#772; al-Di&#772;n da&#772;&#699;i&#772; al-du&#699;a&#772;h.</subfield><subfield code="b">al-T&#803;ab&#699;ah 1.</subfield><subfield code="d">al-Qa&#772;hirah : Da&#772;r al-Ka&#772;tib al-Mis&#803;ri&#772;, 1949</subfield><subfield code="w">(OCoLC)798988233</subfield></datafield><datafield ind1="0" ind2="8" tag="776"><subfield code="i">Print version:</subfield><subfield code="a">Mu&#700;ayyad fi&#772; al-Di&#772;n Hibat Alla&#772;h ibn Mu&#772;sa&#769;, -1077 or 1078.</subfield><subfield code="t">Si&#772;rat al-Mu&#700;ayyad fi&#772; al-Di&#772;n da&#772;&#699;i&#772; al-du&#699;a&#772;h</subfield><subfield code="w">(NNC)3072147</subfield><subfield code="w">(OCoLC)40976192</subfield></datafield><datafield ind1="4" ind2="0" tag="856"><subfield code="u">http://hdl.handle.net/2333.1/zcrjdj1t</subfield></datafield><datafield ind1="0" ind2=" " tag="880"><subfield code="6">100-01/r</subfield><subfield code="a">&#1605;&#1572;&#1610;&#1583; &#1601;&#1610; &#1575;&#1604;&#1583;&#1610;&#1606; &#1607;&#1576;&#1577; &#1575;&#1604;&#1604;&#1607; &#1576;&#1606; &#1605;&#1608;&#1587;&#1548;,</subfield><subfield code="d">-1077 or 1078.</subfield></datafield><datafield ind1="1" ind2="0" tag="880"><subfield code="6">245-02/r</subfield><subfield code="a">&#1587;&#1610;&#1585;&#1577; &#1575;&#1604;&#1605;&#1572;&#1610;&#1583; &#1601;&#1610; &#1575;&#1604;&#1583;&#1610;&#1606; &#1583;&#1575;&#1593;&#1610; &#1575;&#1604;&#1583;&#1593;&#1575;&#1577; :</subfield><subfield code="b">&#1578;&#1585;&#1580;&#1605;&#1577; &#1581;&#1610;&#1575;&#1578;&#1607; &#1576;&#1602;&#1604;&#1605;&#1607; /</subfield><subfield code="c">&#1578;&#1602;&#1583;&#1610;&#1605; &#1608;&#1578;&#1581;&#1602;&#1610;&#1602; &#1605;&#1581;&#1605;&#1583; &#1603;&#1575;&#1605;&#1604; &#1581;&#1587;&#1610;&#1606;.</subfield></datafield><datafield ind1="1" ind2=" " tag="880"><subfield code="6">246-03/r</subfield><subfield code="i">Also known as:</subfield><subfield code="a">&#1587;&#1610;&#1585;&#1577; &#1575;&#1604;&#1605;&#1572;&#1610;&#1583;&#1610;&#1577;</subfield></datafield><datafield ind1=" " ind2=" " tag="880"><subfield code="6">250-04/r</subfield><subfield code="a">&#1575;&#1604;&#1591;&#1576;&#1593;&#1577; 1.</subfield></datafield><datafield ind1=" " ind2=" " tag="880"><subfield code="6">260-05/r</subfield><subfield code="a">&#1575;&#1604;&#1602;&#1575;&#1607;&#1585;&#1577; :</subfield><subfield code="b">&#1583;&#1575;&#1585; &#1575;&#1604;&#1603;&#1575;&#1578;&#1576; &#1575;&#1604;&#1605;&#1589;&#1585;&#1610;&#1548;</subfield><subfield code="c">1949.</subfield></datafield><datafield ind1="1" ind2="4" tag="880"><subfield code="6">600-06/r</subfield><subfield code="a">&#1588;&#1610;&#1585;&#1575;&#1586;&#1610;&#1548; &#1605;&#1572;&#1610;&#1583; &#1601;&#1610; &#1575;&#1604;&#1583;&#1610;&#1606; &#1607;&#1576;&#1577; &#1575;&#1604;&#1604;&#1607; &#1576;&#1606; &#1605;&#1608;&#1587;&#1609;&#1548;,</subfield><subfield code="d">&#1578;. 1077 &#1571;&#1608; 8.</subfield></datafield><datafield ind1="1" ind2=" " tag="880"><subfield code="6">700-07/r</subfield><subfield code="a">&#1581;&#1587;&#1610;&#1606;&#1548; &#1605;&#1581;&#1605;&#1583; &#1603;&#1575;&#1605;&#1604;.</subfield></datafield><datafield ind1=" " ind2=" " tag="959"><subfield code="a">NNU</subfield><subfield code="b">WEB</subfield><subfield code="c">GENI</subfield><subfield code="t">0</subfield><subfield code="m">Electronic access</subfield><subfield code="s">01</subfield></datafield><datafield ind1=" " ind2=" " tag="999"><subfield code="i">NNC_3072147</subfield><subfield code="o">(OCoLC)ocm40976192 </subfield><subfield code="s">columbia_aco000339</subfield></datafield></record>